

%%%%%%%%%%%%%%%%%%%%%% LITERATUR ERIC %%%%%%%%%%%%%%%%%%%%%% 

@book{CUDA.2015, 
   author = {{NVIDIA Corporation}}, 
   title = {CUDA C PROGRAMMING GUIDE - Design Guide}, 
   publisher = {NVIDIA Corporation}, 
   year = {2015}
}

@inproceedings{Yang.2002,
   author =   {R. Yang, G. Welch, G. Bishop},
   title =   {Real-time consensus- based scene reconstruction using commodity graphics hardware}, 
   booktitle =   {Computer Graphics and Applications, 2002. Proceedings. 10th Pacific Conference},
   year =   {2002},
   pages =   {225-234}
}

@inproceedings{Woetzel.2004,
   author =   {J. Woetzel and R. Koch},
   title =   {Real-time multi-stereo depth estimation on gpu with approximative discontinuity handling}, 
   booktitle =   {1st European Conference on Visual Media Production},
   year =   {2004},
   month = {March}
}

@inproceedings{Hirschmueller.2008,
   author =   {Ernst, I. and Hirschm√ºller, H.},
   title =   {Mutual Information based Semi-Global Stereo Matching on the GPU}, 
   booktitle =   {International Symposium on Visual Computing (ISVC08)},
   year =   {2008},
   month = {December}
   address = {Las Vegas, USA}
}

@inproceedings{Rosenberg.2006,
 author = {Rosenberg, Ilya D. and Davidson, Philip L. and Muller, Casey M. R. and Han, Jefferson Y.},
 title = {Real-time Stereo Vision Using Semi-global Matching on Programmable Graphics Hardware},
 booktitle = {ACM SIGGRAPH 2006 Sketches},
 series = {SIGGRAPH '06},
 year = {2006},
 isbn = {1-59593-364-6},
 location = {Boston, Massachusetts},
 articleno = {89},
 publisher = {ACM},
 address = {New York, NY, USA},
} 


@book{Hartley.2003,
 author = {Hartley R. und A. Zisserman},
 year = {2003},
 title = {Multiple view geometry in computer vision},
 address = {Cambridge, UK and New York},
 edition = {2nd ed.},
 publisher = {{Cambridge University Press}}
}

@Book{Hirschmuller.2005,
 author = {Hirschm{\"u}ller, Heiko},
 address = {Wessling},
 year = {2005},
 title = {Accurate and Efficient Processing by Semi-Global Matching and Mutal Information},
 editor = {{{German Aerospace Center}}},
 institution = {{{German Aerospace Center}}}
}

@book{Schreer.2005,
 author = {Schreer, Oliver},
 year = {2005},
 title = {Stereoanalyse und Bildsynthese},
 publisher = {{Springer Berlin Heidelberg}}
}

